% IJCNLP 2013 CWS Citations Begin

@inproceedings{Zhang:2007:ACL,
 author = {Yue Zhang and Stephen Clark},
 title = {{C}hinese Segmentation with a Word-Based Perceptron Algorithm},
 booktitle = {Proceedings of the 45th Annual Meeting of the Association for Computational Linguistics (ACL)}, 
  year = {2007},
}

@inproceedings{Zhang:2006:HLT-NAACL,
  author = {Ruiqiang Zhang and Genichiro Kikui and Eiichiro Sumita},
  title = {Subword-based Tagging by Conditional Random Fields for {C}hinese Word Segmentation},
  booktitle = {Proceedings of the Human Language Technology Conference of the North American Chapter of the ACL (HLT-NAACL) },
  year = {2006},
}

@inproceedings{Andrew:2006:EMNLP,
  author = {Galen Andrew},
  title = {A hybrid {M}arkov/semi-{M}arkov conditional random field for sequence segmentation},
  booktitle = {Proceedings of the Conference on Empirical Methods in Natural Language Processing (EMNLP) },
  year = {2006},
}

@ARTICLE{Xue:2003:IJCLCLP,
    author = {Nianwen Xue},
    title = {Chinese word segmentation as character tagging},
    journal = {International Journal of Computational Linguistics and Chinese Language Processing},
    year = {2003},
    pages = {29--48}
}

@inproceedings{Sun:2010:COLING,
 author = {Weiwei Sun},
 title = {Word-Based and Character-BasedWord Segmentation Models: Comparison and Combination},
 booktitle = {Proceedings of The 23rd International Conference on Computational Linguistics (COLING)}, 
  year = {2010},
}

@inproceedings{Wang:2010:COLING,
 author = {Kun Wang and Chengqing Zong and Keh-Yih Su},
 title = {A Character-Based Joint Model for Chinese Word Segmentation},
 booktitle = {Proceedings of The 23rd International Conference on Computational Linguistics (COLING)}, 
  year = {2010},
}

@inproceedings{Sun:2011:ACL,
 author = {Weiwei Sun},
 title = {A stacked sub-word model for joint {C}hinese word segmentation and part-of-speech tagging},
 booktitle = {Proceedings of the 49th Annual Meeting of the Association for Computational Linguistics: Human Language Technologies (ACL-HLT)}, 
  year = {2011},
}

@inproceedings{Wang:2006:SIGHAN,
 author = {Xinhao Wang and Xiaojun Lin and Dianhai Yu and Hao Tian and Xihong Wu},
 title = {{C}hinese Word Segmentation with Maximum Entropy and N-gram Language Model},
 booktitle = {Proceedings of the fifth {SIGHAN} workshop on {C}hinese language Processing}, 
  year = {2006},
}

@inproceedings{Song:2006:SIGHAN,
 author = {Dong Song and Anoop Sarkar},
 title = {Voting between Dictionary-based and Subword Tagging Models for {C}hinese Word Segmentation},
 booktitle = {Proceedings of the fifth {SIGHAN} workshop on {C}hinese language Processing}, 
  year = {2006},
}

@inproceedings{Tseng:2005:SIGHAN,
 author = {Huihsin Tseng and Pichuan Chang and Galen Andrew and Daniel Jurasfky and Christopher Manning},
 title = {A Conditional Random Field Word Segmenter for Sighan Bakeoff 2005},
 booktitle = {Proceedings of the fourth {SIGHAN} workshop on {C}hinese language Processing}, 
  year = {2005},
}

@inproceedings{Chen:2005:SIGHAN,
 author = {Aitao Chen and Yiping Zhou and Anne Zhang and Gordon Sun},
 title = {Unigram Language Model for {C}hinese Word Segmentation},
 booktitle = {Proceedings of the fourth {SIGHAN} workshop on {C}hinese language Processing}, 
  year = {2005},
}

@inproceedings{Lin:2009:CICLing,
 author = {Dekang Lin},
 title = {Combining Language Modeling and Discriminative Classification for Word Segmentation},
 booktitle = {Proceedings of the 10th International Conference on Intelligent Text Processing and Computational Linguistics ({CICLing})}, 
  year = {2009},
}

@inproceedings{Zhao:2006:SIGHAN,
 author = {Hai Zhao and Chang-Ning Huang and Mu Li},
 title = {An Improved {C}hinese Word Segmentation System with Conditional Random Field},
 booktitle = {Proceedings of the fifth {SIGHAN} workshop on {C}hinese language Processing}, 
  year = {2006},
}

@inproceedings{Sproat:2003:SIGHAN,
 author = {Richard Sproat and Thomas Emerson},
 title = {The First International {C}hinese Word Segmentation Bakeoff},
 booktitle = {Proceedings of the second {SIGHAN} workshop on {C}hinese language Processing}, 
  year = {2003},
}

@inproceedings{Emerson:2005:SIGHAN,
 author = {Thomas Emerson},
 title = {The Second International {C}hinese Word Segmentation Bakeoff},
 booktitle = {Proceedings of the fourth {SIGHAN} workshop on {C}hinese language Processing}, 
  year = {2005},
}

@inproceedings{Gao:2003:ACL,
 author = {Jianfeng Gao and Mu Li and Chang-Ning Huang},
 title = {Improved Source-Channel Models for {C}hinese Word Segmentation},
 booktitle = {Proceedings of the 41th Annual Meeting of the Association for Computational Linguistics (ACL)}, 
  year = {2003},
}

@inproceedings{Sproat:1996:ACL,
 author = {Richard Sproat and Chilin Shih and William Gale and Nancy Chang},
 title = {A Stochastic Finite-State Word-Segmentation Algorithm for {C}hinese},
 booktitle = {Proceedings of the 34th Annual Meeting of the Association for Computational Linguistics (ACL)}, 
  year = {1996},
}

@inproceedings{Lee:2003:ACL,
 author = {Young-Suk Lee and Kishore Papineni and Salim Roukos},
 title = {Language Model Based {A}rabic Word Segmentation},
 booktitle = {Proceedings of the 41th Annual Meeting of the Association for Computational Linguistics (ACL)}, 
  year = {2003},
}

@inproceedings{Sun:2009:HLT-NAACL,
  author = {Xu Sun and Yaozhong Zhang and Takuya Matsuzaki and Yoshimasa Tsuruoka and Jun'ichi Tsujii},
  title = {A discriminative latent variable Chinese segmenter with hybrid word/character information},
  booktitle = {Proceedings of Human Language Technologies: The 2009 Annual Conference of the North American Chapter of the Association for Computational Linguistics (HLT-NAACL) },
  year = {2009},
}

@inproceedings{Wang:2013:ACL,
  author    = {Mengqiu Wang and Wanxiang Che and Christopher D. Manning},
  title     = {Joint Word Alignment and Bilingual Named Entity Recognition Using Dual Decomposition},
  booktitle = {Proceedings of the 51th Annual Meeting of the Association for Computational Linguistics (ACL)},
  year      = {2013},
 }

@inproceedings{Denero:2011:ACL,
  author    = {John De{N}ero and Klaus Macherey},
  title     = { Model-Based Aligner Combination Using Dual Decomposition},
  booktitle = {Proceedings of the 49th Annual Meeting of the Association for Computational Linguistics (ACL)},
  year      = {2011},
 }

@ARTICLE{Sun:2013:IPM,
    author = {Xu Sun and Yaozhong Zhang and Takuya Matsuzaki and Yoshimasa Tsuruoka and Jun'Ichi Tsujii},
    title = {Probabilistic {C}hinese word segmentation with non-local information and stochastic training},
    journal = {Journal of Information Processing and Management},
    year = {2013},
    volume = {49},
    number = {3},
    pages = {626--636}
}

@ARTICLE{Jiang:2006:CLCLP,
    author = {Wei Jiang and Yi Guan and Xiao-Long Wang},
    title = {A Pragmatic {C}hinese Word Segmentation Approach Based on Mixing Models},
    journal = {Computational Linguistics and {C}hinese Language Processing},
    year = {2006},
    volume = {11},
    number = {4},
    pages = {393--416}
}

@inproceedings{Lafferty:2001:ICML,
    author = {John Lafferty and Andrew McCallum and Fernando Pereira},
    title = {Conditional Random Fields: Probabilistic Models for Segmenting and Labeling Sequence Data},
    booktitle = {Proceedings of 18th International Conference on Machine Learning (ICML)},
    year = {2001},
}

@InProceedings{Rush:2010:EMNLP,
  author    = {Alexander M. Rush and David Sontag and Michael Collins and Tommi Jaakkola},
  title     = { On dual decomposition and linear programming relaxations for natural language processing},
  booktitle = {Proceedings of EMNLP},
  year      = {2010},
 }

@inproceedings{Koo:2010:EMNLP,
 author = {Terry Koo and Alexander M. Rush and Michael Collins and Tommi Jaakkola and David Sontag},
 title = {Dual Decomposition for Parsing with Non-Projective Head Automata},
 booktitle = {Proceedings of EMNLP},
 year = {2010},
} 

@article{Rush:2012:JAIR,
 author = {Alexander M. Rush and Michael Collins},
 title = {A Tutorial on Dual Decomposition and {L}agrangian Relaxation for Inference in Natural Language Processing},
 journal = {JAIR},
 volume = {45},
 year = {2012},
 pages = {305--362},
 } 

%%%%%%%%%%%%%%%%%%
%%%%%%%%%%%%%%%%%%

@article{Liu:1989:LBFGS,
author = "Dong C. Liu and Jorge Nocedal",
year = "1989",
title = "On the Limited Memory {BFGS} Method for Large Scale Optimization",
journal = "Math. Programming",
volume = "45",
pages = "503--528"
}

@techreport{Rosenblatt:1957:Perceptron,
	author = {Frank Rosenblatt},
	title = {The Perceptron--a perceiving and recognizing automaton},
	number =  { 85-460-1},
	institution = {Cornell Aeronautical Laboratory},
         year = {1957},
}


@inproceedings{Andrew:2007:ICML,
 author = {Galen Andrew and Jianfeng Gao},
 title = {Scalable Training of {L1}-Regularized Log-Linear Models},
 booktitle = {Proceedings of the 24th International Conference on Machine Learning (ICML)}, 
  year = {2007},
}
